<record><leader>00000cas a2200000 a 4500</leader><controlfield tag="001">29143347</controlfield><controlfield tag="008">931020d18921uuuiluwr ne      0   a0eng c</controlfield><datafield ind1=" " ind2=" " tag="010"><subfield code="a">sn 93055822 </subfield></datafield><datafield ind1=" " ind2=" " tag="040"><subfield code="a">NVF</subfield><subfield code="b">eng</subfield><subfield code="c">NVF</subfield><subfield code="d">OCLCQ</subfield><subfield code="d">OCLCF</subfield><subfield code="d">OCLCO</subfield><subfield code="d">NVF</subfield><subfield code="d">OCLCO</subfield></datafield><datafield ind1="1" ind2=" " tag="029"><subfield code="a">NZ1</subfield><subfield code="b">1233735</subfield></datafield><datafield ind1="1" ind2=" " tag="029"><subfield code="a">AU@</subfield><subfield code="b">000025848926</subfield></datafield><datafield ind1=" " ind2=" " tag="042"><subfield code="a">pcc</subfield></datafield><datafield ind1=" " ind2=" " tag="043"><subfield code="a">n-us-il</subfield></datafield><datafield ind1="0" ind2="4" tag="245"><subfield code="a">The Proviso vindicator.</subfield></datafield><datafield ind1=" " ind2=" " tag="260"><subfield code="a">Chicago, [Ill.] :</subfield><subfield code="b">Wm. Halley</subfield></datafield><datafield ind1=" " ind2=" " tag="300"><subfield code="a">v.</subfield></datafield><datafield ind1=" " ind2=" " tag="310"><subfield code="a">Weekly</subfield></datafield><datafield ind1="1" ind2=" " tag="362"><subfield code="a">Began in Sept. 1892.</subfield></datafield><datafield ind1=" " ind2=" " tag="521"><subfield code="a">Title serves: Maywood, Harlem [Oak Park], River Forest, and Melrose [Melrose Park].</subfield></datafield><datafield ind1=" " ind2=" " tag="580"><subfield code="a">Other eds.: Austin vindicator, 1892-&lt;&gt;, and: West Side vindicator, 1892-&lt;&gt;, and: Oak Park vindicator, 1892-&lt;&gt;.</subfield></datafield><datafield ind1=" " ind2=" " tag="588"><subfield code="a">Description based on: Vol. 10, no. 40 (Sept. 30, 1892).</subfield></datafield><datafield ind1=" " ind2=" " tag="588"><subfield code="a">Latest issue consulted: Dec. 23, 1892.</subfield></datafield><datafield ind1=" " ind2="0" tag="651"><subfield code="a">Maywood (Ill.)</subfield><subfield code="v">Newspapers.</subfield></datafield><datafield ind1=" " ind2="0" tag="651"><subfield code="a">Oak Park (Ill.)</subfield><subfield code="v">Newspapers.</subfield></datafield><datafield ind1=" " ind2="0" tag="651"><subfield code="a">River Forest (Ill.)</subfield><subfield code="v">Newspapers.</subfield></datafield><datafield ind1=" " ind2="0" tag="651"><subfield code="a">Melrose Park (Ill.)</subfield><subfield code="v">Newspapers.</subfield></datafield><datafield ind1=" " ind2="0" tag="651"><subfield code="a">Proviso (Ill. : Township)</subfield><subfield code="v">Newspapers.</subfield></datafield><datafield ind1=" " ind2="7" tag="651"><subfield code="a">Illinois</subfield><subfield code="z">Maywood.</subfield><subfield code="2">fast</subfield><subfield code="0">(OCoLC)fst01217744</subfield></datafield><datafield ind1=" " ind2="7" tag="651"><subfield code="a">Illinois</subfield><subfield code="z">Melrose Park.</subfield><subfield code="2">fast</subfield><subfield code="0">(OCoLC)fst01226726</subfield></datafield><datafield ind1=" " ind2="7" tag="651"><subfield code="a">Illinois</subfield><subfield code="z">Oak Park.</subfield><subfield code="2">fast</subfield><subfield code="0">(OCoLC)fst01205178</subfield></datafield><datafield ind1=" " ind2="7" tag="651"><subfield code="a">Illinois</subfield><subfield code="z">River Forest.</subfield><subfield code="2">fast</subfield><subfield code="0">(OCoLC)fst01202974</subfield></datafield><datafield ind1=" " ind2="7" tag="655"><subfield code="a">Newspapers.</subfield><subfield code="2">fast</subfield><subfield code="0">(OCoLC)fst01423814</subfield></datafield><datafield ind1=" " ind2=" " tag="752"><subfield code="a">United States</subfield><subfield code="b">Illinois</subfield><subfield code="c">Cook County</subfield><subfield code="d">Chicago.</subfield></datafield><datafield ind1="1" ind2=" " tag="775"><subfield code="t">Austin vindicator</subfield><subfield code="w">(DLC)sn 93055800</subfield><subfield code="w">(OCoLC)28491166</subfield></datafield><datafield ind1="1" ind2=" " tag="775"><subfield code="t">West Side vindicator</subfield><subfield code="w">(DLC)sn 93055820</subfield><subfield code="w">(OCoLC)29132641</subfield></datafield><datafield ind1="1" ind2=" " tag="775"><subfield code="t">Oak Park vindicator</subfield><subfield code="w">(DLC)sn 93055824</subfield><subfield code="w">(OCoLC)29146531</subfield></datafield><datafield ind1="0" ind2="0" tag="780"><subfield code="t">Proviso vindicator and Cook County suburban news</subfield><subfield code="w">(DLC)sn 93055821</subfield><subfield code="w">(OCoLC)29141772</subfield></datafield><datafield ind1="0" ind2="1" tag="785"><subfield code="t">Oak leaves (Oak Park, Ill.)</subfield><subfield code="w">(DLC)sn 82014954</subfield><subfield code="w">(OCoLC)8807353</subfield></datafield></record>